@string{plb = "Phys. Lett. {\bf B}"}
@string{cpc = "Comp. Phys. Comm."}
@string{zpc = "Z. Phys. {\bf C}"}
@string{zpa = "Z. Phys. {\bf A}"}
@string{epjc = "Eur. Phys. J. {\bf C}"}
@string{npb = "Nucl. Phys. {\bf B}"}
@string{npa = "Nucl. Phys. {\bf A}"}
@string{jetpl = "Sov. Phys. JETP Lett."}
@string{jetp = "Sov. Phys. JETP"}
@string{sjp = "Sov. J. Phys."}
@string{sjnp = "Sov. J. Nucl. Phys."}
@string{yadf = "Yad. Fiz."}
@string{prd = " Phys. Rev. {\bf  D}"}
@string{prb = " Phys. Rev. {\bf B}"}
@string{pr = "Phys. Rep."}
@string{prc = "Phys. Rep. {\bf C}"}
@string{prl = "Phys. Rev. Lett."}
@string{mpla = "Mod. Phys. Lett. {\bf A}"}
@string{ijmpa = "Int. J. Mod. Phys. {\bf A}"}
@string{arnps = "Ann. Rev. Nucl. Part. Sci."}
@string{np = "Nucl. Phys."}
@string{ed96 = "A. \mbox{De Roeck} and G. Ingelman and R. Klanner"}
@string{proc96 = "Proc. of the Workshop on Future
		  Physics at HERA"}
@string{lishep98 = "Proc. of the LISHEP workshop on diffractive physics"}
@string{edlishep98 = "A. Santoro"}
@string{ed99 = "A. Doyle and G. Grindhammer and G. Ingelman and H. Jung"}
@string{proc99 = "Proceedings of the Workshop on Monte Carlo generators for HERA physics"}

@article{CCFMa,
   author    = {M. Ciafaloni},
   title     = {Coherence effects in initial jets at small $Q^2/s$},
   journal   = npb,
   pages     = {49},
   year      = {1988},
   volume    = {296}
}


@article{CCFMb,
   author    = {S. Catani and F. Fiorani and G. Marchesini},
   title     = {QCD coherence in initial state radiation},
   journal   = plb,
   pages     = {339},
   year      = {1990},
   volume    = {234}
}


@article{CCFMc,
   author    = {S. Catani and F. Fiorani and G. Marchesini},
   title     = {Small $x$ behaviour of initila state radiation in perturbative QCD},
   journal   = npb,
   pages     = {18},
   year      = {1990},
   volume    = {336}
}


@article{CCFMd,
   author    = {G. Marchesini},
   title     = {QCD coherence in the structure function and associated distributions at small x},
   journal   = npb,
   pages     = {49},
   year      = {1995},
   volume    = {445}
}
@inproceedings{CASCADE,
   author    = {H. Jung},
   editor    = ed99,
   title     = {CCFM prediction on forward jets and $F_2$: parton level predictions 
       and a new hadron level Monte Carlo generator {\sc Cascade}},
   booktitle = proc99,
   pages     = {75},
   year      = {1999},
   publisher = {\mbox{DESY}},
   address   = {Hamburg},
   note      = {hep-ph/9908497}
}


@article{CASCADEMC,
   author    = {H. Jung},
   title     = {The CCFM Monte Carlo generator {\sc Cascade} for 
       lepton - proton and proton - proton collisions},
   journal   = cpc,
   pages     = 100 ,
   year      = {2002},
   volume    = 143,
   note      = {\verb+http://www.quark.lu.se/~hannes/cascade/+}
}
@article{jung_salam_2000,
   author    = {H. Jung and G. Salam},
   title     = {Hadronic final state predictions from CCFM: 
       The hadron-level Monte Carlo generator {\sc Cascade}},
   journal   = epjc,
   pages     = {351},
   year      = {2001},
   volume    = {19},
   note      = {\mbox{hep-ph/0012143}}
}
@article{PYTHIAPSa,
   author    = {T. Sj\"ostrand},
   title     = {A model for initial state parton showers},
   journal   = plb,
   pages     = 321 ,
   year      = {1985},
   volume    = 157 
}
@article{LEPTOPS,
   author    = {M. Bengtsson and T. Sj\"ostrand},
   title     = {Parton showers in leptoproduction events},
   journal   = zpc,
   pages     = 465 ,
   year      = {1988},
   volume    = 37 
}
@article{CCH,
   author    = {S. Catani and M. Ciafaloni and F. Hautmann},
   title     = {High energy factorisation and small $x$ heavy flavor production},
   journal   = npb,
   pages     = {135},
   year      = {1991},
   volume    = {366}
}
@article{saleev_zotov_a,
   author    = {V.A. Saleev and N.P. Zotov},
   title     = {HEAVY QUARKONIUM PHOTOPRODUCTION AT HIGH-ENERGIES IN SEMIHARD APPROACH.},
   journal   = mpla,
   pages     = {151},
   year      = {1994},
   volume    = {9}
}
@Article{Lipatov:2002tc,
author    = "Lipatov, A. V. and Zotov, N. P.",
title     = "Inelastic J/psi production at HERA in the colour singlet
model with k(T)-factorization",
journal   = "Eur. Phys. J.",
volume    = "C27",
year      = "2003",
pages     = "87-99",
eprint    = "hep-ph/0210310",
SLACcitation  = "%%CITATION = HEP-PH/0210310;%%"
}
@Article{Baranov:2003at,
author    = "Baranov, S. P. and Zotov, N. P.",
title     = "Deep inelastic J/psi production at HERA in the k(T)-
factorization  approach and its consequences for the
nonrelativistic QCD",
journal   = "J. Phys.",
volume    = "G29",
year      = "2003",
pages     = "1395-1408",
eprint    = "hep-ph/0302022",
SLACcitation  = "%%CITATION = HEP-PH/0302022;%%"
}
@Article{Baranov:2002cf,
author    = "Baranov, S. P.",
title     = "Highlights from the kT-factorization approach on the
quarkonium production puzzles",
journal   = "Phys. Rev.",
volume    = "D66",
year      = "2002",
pages     = "114003",
SLACcitation  = "%%CITATION = PHRVA,D66,114003;%%"
}

@article{pythia61,
   author    = {Sjostrand, Torbjorn and others},
   title     = {High-energy-physics event generation with PYTHIA 6.1},
   journal   = {Comput. Phys. Commun.},
   pages     = {238-259},
   year      = {2001},
   volume    = {135},
   note      = {hep-ph/0010017}
}
@article{Ingelman_LEPTO65,
   author    = {G. Ingelman and A. Edin and J. Rathsman},
   title     = {LEPTO 6.5: A Monte Carlo generator for deep inelastic
       lepton - nucleon scattering},
   journal   = cpc,
   pages     = {108},
   year      = {1997},
   volume    = {101},
   eprint    = {hep-ph/9605286}
}
@article{SMALLXa,
   author    = {G. Marchesini and B. Webber},
   title     = {Simulation of QCD inital state radiation at small $x$},
   journal   = npb,
   pages     = {617},
   year      = {1991},
   volume    = {349}
}


@article{SMALLXb,
   author    = {G. Marchesini and B. Webber},
   title     = {Final states in heavy quark leptoproduction at small $x$},
   journal   = npb,
   pages     = {215},
   year      = {1992},
   volume    = {386}
}
@misc{jung-dis03,
   author    = {Hansson, M. and Jung, H.},
   title     = {The status of CCFM unintegrated gluon densities},
   month     = {23-27 April 2003},
   note      = {\mbox{DIS 2003}, St. Petersburg,
       Russia, hep-ph/0309009},
   booktitle = {DIS 2003, XI International Workshop on 
       Deep Inelastic Scattering, St. Petersburg, Russia}
}

@misc{jung-dis04,
   author    = {H. Jung},
   title     = {Un-integrated Parton Density Functions  in  CCFM},
   month     = {April 2004},
   note      = {\mbox{DIS 2004}, Strbsk\'e Pleso,~Slovakia, hep-ph/0411287},
   booktitle = {DIS 2004, XI International Workshop on 
       Deep Inelastic Scattering, Slovakia}
}
   author    = {\mbox{H1 Collaboration, S. Aid et al.}},
   title     = {A Measurement and QCD analysis of the proton structure function $F_2 (x,q^2)$ at HERA},
   journal   = npb,
   pages     = {3},
   year      = {1996},
   volume    = {470},
   eprint    = {96-039,hep-ex/9603004}
}

@article{H1_F2_1996,
   author    = {\mbox{H1 Collaboration, S. Aid et al.}},
   title     = {A Measurement and QCD analysis of the proton structure function $F_2 (x,q^2)$ at HERA},
   journal   = npb,
   pages     = {3},
   year      = {1996},
   volume    = {470},
   eprint    = {96-039,hep-ex/9603004}
}

@article{H1_F2_2001,
   author    = {\mbox{H1 Collaboration, C. Adloff et al.}},
   title     = {Deep-inelastic inclusive e p scattering at low x and a
       determination of  alpha(s)},
   journal   = epjc,
   pages     = {33},
   year      = {2001},
   volume    = {21},
   eprint    = {DESY 00-181, hep-ex/0012053}
}

@article{ZEUS_F2_1996,
   author    = {\mbox{ZEUS} Collaboration; M. Derrick et al.},
   title     = {Measurement of the F2 structure function in deep inelastic
       e+ p  scattering using 1994 data from the ZEUS detector at
       HERA},
   journal   = {Z. Phys.},
   pages     = {399-424},
   year      = {1996},
   volume    = {C72},
   collaboration = {ZEUS},
   eprint    = {DESY 96-076, hep-ex/9607002}
}


@article{ZEUS_F2_2001,
   author    = {\mbox{ZEUS} Collaboration; S. Chekanov et al.},
   title     = {Measurement of the neutral current cross section and F2
       structure  function for deep inelastic e+ p scattering at
       HERA},
   journal   = {Eur. Phys. J.},
   pages     = {443-471},
   year      = {2001},
   volume    = {C21},
   collaboration = {ZEUS},
   eprint    = {DESY 01-064, hep-ex/0105090}
}
@article{GRV95,
   author    = {M. Gl\"uck and E. Reya and A. Vogt},
   title     = {Parton distributions for high - energy collisions},
   journal   = zpc,
   pages     = 433 ,
   year      = {1995},
   volume    = 67 
}
@inproceedings{Bluemlein,
   author    = {J. Bl\"umlein},
   editor    = {J.F. Laporte and Y. Sirois},
   title     = {On the $k_t$ dependent gluon density of the proton},
   booktitle = {Proc. of the Workshop on Deep Inelastic 
       Scattering and QCD},
   year      = {1995},
   note      = {\mbox{DESY} 95-121 and hep-ph/9506403}
}
@article{baranov_zotov_1999,
   author    = {S.P. Baranov and N.P. Zotov},
   title     = {Pomeron intercept and BFKL gluon dynamics in the p_T(D*) spactra at HERA},
   journal   = plb,
   pages     = {389},
   year      = {1999},
   volume    = {458}
}


@article{baranov_zotov_2000,
   author    = {S.P. Baranov and N.P. Zotov},
   title     = {BFKL gluon dynamics and resolved photon processes in D* and dijet associated photoproduction at HERA},
   journal   = plb,
   pages     = {111},
   year      = {2000},
   volume    = {491}
}
@article{Martin_Stasto,
   author    = {J. Kwiecinski and  A.D. Martin and A.M. Stasto},
   title     = {Unified BFKL and Gribov-Lipatov-Altarelli_Parisi description of $F_2$ data},
   journal   = prd,
   pages     = {3991},
   year      = {1997},
   volume    = {56}
}
@article{wuesthoff_golec-biernat,
   author    = {K. Golec-Biernat and M. Wusthoff},
   title     = {Saturation in diffractive deep inelastic scattering},
   journal   = prd,
   pages     = {114023},
   year      = {1999},
   volume    = {60},
   eprint     = {hep-ph/9903358}
}
@article{martin_kimber,
   author    = {M. A. Kimber and A. D. Martin and M. G. Ryskin},
   title     = {Unintegrated parton distributions},
   journal   = {Phys. Rev.},
   pages     = {114027},
   year      = {2001},
   volume    = {D63},
   eprint    = {hep-ph/0101348}
}
@article{Hautmann-higgs,
   author    = {Hautmann, F.},
   title     = {Heavy top limit and double-logarithmic contributions to
       Higgs  production at $m(H)^2/s \ll 1$},
   journal   = {Phys. Lett.},
   pages     = {159-162},
   year      = {2002},
   volume    = {B535},
   eprint    = {hep-ph/0203140},
   slaccitation = {%%CITATION = HEP-PH 0203140;%%}
}

@article{bases,
   author    = {S. Kawabata},
   title     = {A new version of the multidimensional integration and event generation package BASES/SPRING},
   journal   = cpc,
   pages     = 309 ,
   year      = {1995},
   volume    = 88 
}
@misc{lhaaccord,
     author    = "Boos, E. and others",
     title     = "Generic user process interface for event generators",
     year      = "2001",
     eprint    = "hep-ph/0109068",
     SLACcitation  = "%%CITATION = HEP-PH/0109068;%%"
}
@article{smallx:2001,
   author    = {\mbox{Small x} Collaboration; B.~Andersson  et al.},
   title     = {Small x phenomenology: Summary and status},
   journal   = epjc,
   pages     = {77},
   year      = {2002},
   volume    = {25},
   note      = {hep-ph/0204115}
}

@misc{jung-dis07,
author    = "Hansson, Magnus and Jung, Hannes",
title     = "Towards precision determination of uPDFs",
year      = "2007",
eprint    = "arXiv:0707.4276 [hep-ph]",
SLACcitation  = "%%CITATION = ARXIV:0707.4276;%%",
   note      = {\mbox{DIS 2007}, Munich},
   booktitle = {DIS 2004, XV International Workshop on 
       Deep Inelastic Scattering, FRG}
}

@article{Deak:2008ky,
	Archiveprefix = {arXiv},
	Author = {Deak, Michal and Schwennsen, Florian},
	Date-Added = {2009-07-14 21:19:20 +0200},
	Date-Modified = {2009-07-14 21:19:20 +0200},
	Doi = {10.1088/1126-6708/2008/09/035},
	Eprint = {0805.3763},
	Journal = {JHEP},
	Pages = {035},
	Primaryclass = {hep-ph},
	Slaccitation = {%%CITATION = 0805.3763;%%},
	Title = {{Z and W production associated with quark-antiquark pair in k_T-factorization at the LHC}},
	Volume = {09},
	Year = {2008},
	Bdsk-Url-1 = {http://dx.doi.org/10.1088/1126-6708/2008/09/035}}

@article{deak,
	Archiveprefix = {arXiv},
	Author = {Deak, M. and Hautmann, F. and Jung, H. and Kutak, K.},
	Eprint = {0908.0538},
	Journal = {JHEP},
	Pages = {121},
	Primaryclass = {hep-ph},
	Slaccitation = {%%CITATION = 0908.0538;%%},
	Title = {{Forward Jet Production at the Large Hadron Collider}},
	Volume = {09},
	Year = {2009}
      }
      

@article{Marzani:2008uh,
	Archiveprefix = {arXiv},
	Author = {Marzani, Simone and Ball, Richard D.},
	Date-Added = {2009-06-04 08:33:56 +0200},
	Date-Modified = {2009-06-04 08:33:56 +0200},
	Doi = {10.1016/j.nuclphysb.2009.01.029},
	Eprint = {0812.3602},
	Journal = {Nucl. Phys.},
	Pages = {246-264},
	Primaryclass = {hep-ph},
	Slaccitation = {%%CITATION = 0812.3602;%%},
	Title = {{High Energy Resummation of Drell-Yan Processes}},
	Volume = {B814},
	Year = {2009},

	Bdsk-Url-1 = {http://dx.doi.org/10.1016/j.nuclphysb.2009.01.029}}

@article{cteq,
	Archiveprefix = {arXiv},
	Author = {Pumplin, J. and others},
	Eprint = {hep-ph/0201195},
	Journal = {JHEP},
	Pages = {012},
	Slaccitation = {%%CITATION = HEP-PH/0201195;%%},
	Title = {{New generation of parton distributions with uncertainties from global QCD analysis}},
	Volume = {07},
	Year = {2002}
      }

@article{Lai:1999wy,
	Archiveprefix = {arXiv},
	Author = {Lai, H. L. and others},
	Collaboration = {CTEQ},
	Date-Added = {2010-07-15 15:25:20 +0200},
	Date-Modified = {2010-07-15 15:25:20 +0200},
	Doi = {10.1007/s100529900196},
	Eprint = {hep-ph/9903282},
	Journal = {Eur. Phys. J.},
	Pages = {375-392},
	Slaccitation = {%%CITATION = HEP-PH/9903282;%%},
	Title = {{Global QCD analysis of parton structure of the nucleon: CTEQ5 parton distributions}},
	Volume = {C12},
	Year = {2000},
	Bdsk-Url-1 = {http://dx.doi.org/10.1007/s100529900196}}

@article{Catani:1989sg,
	Author = {Catani, S. and Fiorani, F. and Marchesini, G.},
	Date-Added = {2009-04-10 16:22:42 +0200},
	Date-Modified = {2009-04-10 16:22:42 +0200},
	Doi = {10.1016/0550-3213(90)90342-B},
	Journal = {Nucl. Phys.},
	Pages = {18},
	Slaccitation = {%%CITATION = NUPHA,B336,18;%%},
	Title = {{Small x Behavior of Initial State Radiation in Perturbative QCD}},
	Volume = {B336},
	Year = {1990},
	Bdsk-File-1 = {YnBsaXN0MDDUAQIDBAUIJidUJHRvcFgkb2JqZWN0c1gkdmVyc2lvblkkYXJjaGl2ZXLRBgdUcm9vdIABqAkKFRYXGyIjVSRudWxs0wsMDQ4RFFpOUy5vYmplY3RzV05TLmtleXNWJGNsYXNzog8QgASABqISE4ACgAOAB1lhbGlhc0RhdGFccmVsYXRpdmVQYXRo0hgNGRpXTlMuZGF0YU8RAXQAAAAAAXQAAgAABmhhbm5lcwAAAAAAAAAAAAAAAAAAAAAAAAAAAMdAibxIKwAAAAXBFw5zZGFydGljbGUyLnBkZgAAAAAAAAAAAAAAAAAAAAAAAAAAAAAAAAAAAAAAAAAAAAAAAAAAAAAAAAAAAAAAAAAABcHQxgUi6gAAAAAAAAAAAAEAAwAACSAAAAAAAAAAAAAAAAAAAAAGUGFwZXJzABAACAAAx0B7rAAAABEACAAAxgUGygAAAAEAEAAFwRcABbsDAAWsxwAAkZ8AAgAxaGFubmVzOlVzZXJzOmp1bmc6RG9jdW1lbnRzOlBhcGVyczpzZGFydGljbGUyLnBkZgAADgAeAA4AcwBkAGEAcgB0AGkAYwBsAGUAMgAuAHAAZABmAA8ADgAGAGgAYQBuAG4AZQBzABIAKlVzZXJzL2p1bmcvRG9jdW1lbnRzL1BhcGVycy9zZGFydGljbGUyLnBkZgATAAEvAAAVAAIAC///AACABdIcHR4fWCRjbGFzc2VzWiRjbGFzc25hbWWjHyAhXU5TTXV0YWJsZURhdGFWTlNEYXRhWE5TT2JqZWN0XxAiLi4vRG9jdW1lbnRzL1BhcGVycy9zZGFydGljbGUyLnBkZtIcHSQloiUhXE5TRGljdGlvbmFyeRIAAYagXxAPTlNLZXllZEFyY2hpdmVyAAgAEQAWAB8AKAAyADUAOgA8AEUASwBSAF0AZQBsAG8AcQBzAHYAeAB6AHwAhgCTAJgAoAIYAhoCHwIoAjMCNwJFAkwCVQJ6An8CggKPApQAAAAAAAACAQAAAAAAAAAoAAAAAAAAAAAAAAAAAAACpg==},
	Bdsk-Url-1 = {http://dx.doi.org/10.1016/0550-3213(90)90342-B}}

@article{Catani:1990eg,
	Author = {Catani, S. and Ciafaloni, M. and Hautmann, F.},
	Date-Added = {2009-04-10 16:15:11 +0200},
	Date-Modified = {2009-04-10 16:15:11 +0200},
	Doi = {10.1016/0550-3213(91)90055-3},
	Journal = {Nucl. Phys.},
	Pages = {135-188},
	Slaccitation = {%%CITATION = NUPHA,B366,135;%%},
	Title = {{High-energy factorization and small x heavy flavor production}},
	Volume = {B366},
	Year = {1991},
	Bdsk-File-1 = {YnBsaXN0MDDUAQIDBAUIJidUJHRvcFgkb2JqZWN0c1gkdmVyc2lvblkkYXJjaGl2ZXLRBgdUcm9vdIABqAkKFRYXGyIjVSRudWxs0wsMDQ4RFFpOUy5vYmplY3RzV05TLmtleXNWJGNsYXNzog8QgASABqISE4ACgAOAB1lhbGlhc0RhdGFccmVsYXRpdmVQYXRo0hgNGRpXTlMuZGF0YU8RAXQAAAAAAXQAAgAABmhhbm5lcwAAAAAAAAAAAAAAAAAAAAAAAAAAAMdAibxIKwAAAAXBFw5zZGFydGljbGUxLnBkZgAAAAAAAAAAAAAAAAAAAAAAAAAAAAAAAAAAAAAAAAAAAAAAAAAAAAAAAAAAAAAAAAAABcHOxgUhLAAAAAAAAAAAAAEAAwAACSAAAAAAAAAAAAAAAAAAAAAGUGFwZXJzABAACAAAx0B7rAAAABEACAAAxgUFDAAAAAEAEAAFwRcABbsDAAWsxwAAkZ8AAgAxaGFubmVzOlVzZXJzOmp1bmc6RG9jdW1lbnRzOlBhcGVyczpzZGFydGljbGUxLnBkZgAADgAeAA4AcwBkAGEAcgB0AGkAYwBsAGUAMQAuAHAAZABmAA8ADgAGAGgAYQBuAG4AZQBzABIAKlVzZXJzL2p1bmcvRG9jdW1lbnRzL1BhcGVycy9zZGFydGljbGUxLnBkZgATAAEvAAAVAAIAC///AACABdIcHR4fWCRjbGFzc2VzWiRjbGFzc25hbWWjHyAhXU5TTXV0YWJsZURhdGFWTlNEYXRhWE5TT2JqZWN0XxAiLi4vRG9jdW1lbnRzL1BhcGVycy9zZGFydGljbGUxLnBkZtIcHSQloiUhXE5TRGljdGlvbmFyeRIAAYagXxAPTlNLZXllZEFyY2hpdmVyAAgAEQAWAB8AKAAyADUAOgA8AEUASwBSAF0AZQBsAG8AcQBzAHYAeAB6AHwAhgCTAJgAoAIYAhoCHwIoAjMCNwJFAkwCVQJ6An8CggKPApQAAAAAAAACAQAAAAAAAAAoAAAAAAAAAAAAAAAAAAACpg==},
	Bdsk-Url-1 = {http://dx.doi.org/10.1016/0550-3213(91)90055-3}}

@article{Baranov:2008hj,
	Archiveprefix = {arXiv},
	Author = {Baranov, S. P. and Lipatov, A. V. and Zotov, N. P.},
	Date-Added = {2010-07-19 22:35:46 +0200},
	Date-Modified = {2010-07-19 22:35:46 +0200},
	Doi = {10.1103/PhysRevD.78.014025},
	Eprint = {0805.4821},
	Journal = {Phys. Rev.},
	Pages = {014025},
	Primaryclass = {hep-ph},
	Slaccitation = {%%CITATION = 0805.4821;%%},
	Title = {{Production of electroweak gauge bosons in off-shell gluon- gluon fusion}},
	Volume = {D78},
	Year = {2008},
	Bdsk-Url-1 = {http://dx.doi.org/10.1103/PhysRevD.78.014025},
	Bdsk-File-1 = {YnBsaXN0MDDUAQIDBAUIJidUJHRvcFgkb2JqZWN0c1gkdmVyc2lvblkkYXJjaGl2ZXLRBgdUcm9vdIABqAkKFRYXGyIjVSRudWxs0wsMDQ4RFFpOUy5vYmplY3RzV05TLmtleXNWJGNsYXNzog8QgASABqISE4ACgAOAB1lhbGlhc0RhdGFccmVsYXRpdmVQYXRo0hgNGRpXTlMuZGF0YU8RAZQAAAAAAZQAAgAABmhhbm5lcwAAAAAAAAAAAAAAAAAAAAAAAAAAAMdAibxIKwAAAAXBFxZQaHlzUmV2RC43OC4wMTQwMjUucGRmAAAAAAAAAAAAAAAAAAAAAAAAAAAAAAAAAAAAAAAAAAAAAAAAAAAAAAAAYKCOyGqDmQAAAAAAAAAAAAEAAwAACSAAAAAAAAAAAAAAAAAAAAAGUGFwZXJzABAACAAAx0B7rAAAABEACAAAyGpneQAAAAEAEAAFwRcABbsDAAWsxwAAkZ8AAgA5aGFubmVzOlVzZXJzOmp1bmc6RG9jdW1lbnRzOlBhcGVyczpQaHlzUmV2RC43OC4wMTQwMjUucGRmAAAOAC4AFgBQAGgAeQBzAFIAZQB2AEQALgA3ADgALgAwADEANAAwADIANQAuAHAAZABmAA8ADgAGAGgAYQBuAG4AZQBzABIAMlVzZXJzL2p1bmcvRG9jdW1lbnRzL1BhcGVycy9QaHlzUmV2RC43OC4wMTQwMjUucGRmABMAAS8AABUAAgAL//8AAIAF0hwdHh9YJGNsYXNzZXNaJGNsYXNzbmFtZaMfICFdTlNNdXRhYmxlRGF0YVZOU0RhdGFYTlNPYmplY3RfECouLi9Eb2N1bWVudHMvUGFwZXJzL1BoeXNSZXZELjc4LjAxNDAyNS5wZGbSHB0kJaIlIVxOU0RpY3Rpb25hcnkSAAGGoF8QD05TS2V5ZWRBcmNoaXZlcgAIABEAFgAfACgAMgA1ADoAPABFAEsAUgBdAGUAbABvAHEAcwB2AHgAegB8AIYAkwCYAKACOAI6Aj8CSAJTAlcCZQJsAnUCogKnAqoCtwK8AAAAAAAAAgEAAAAAAAAAKAAAAAAAAAAAAAAAAAAAAs4=}}

@article{Hautmann:2008vd,
	Archiveprefix = {arXiv},
	Author = {Hautmann, F. and Jung, H.},
	Date-Added = {2009-03-26 12:28:40 +0100},
	Date-Modified = {2009-03-26 12:28:40 +0100},
	Doi = {10.1088/1126-6708/2008/10/113},
	Eprint = {0805.1049},
	Journal = {JHEP},
	Pages = {113},
	Primaryclass = {hep-ph},
	Slaccitation = {%%CITATION = 0805.1049;%%},
	Title = {{Angular correlations in multi-jet final states from kt- dependent parton showers}},
	Volume = {10},
	Year = {2008},
	Bdsk-File-1 = {YnBsaXN0MDDUAQIDBAUIJidUJHRvcFgkb2JqZWN0c1gkdmVyc2lvblkkYXJjaGl2ZXLRBgdUcm9vdIABqAkKFRYXGyIjVSRudWxs0wsMDQ4RFFpOUy5vYmplY3RzV05TLmtleXNWJGNsYXNzog8QgASABqISE4ACgAOAB1lhbGlhc0RhdGFccmVsYXRpdmVQYXRo0hgNGRpXTlMuZGF0YU8RAYAAAAAAAYAAAgAABmhhbm5lcwAAAAAAAAAAAAAAAAAAAAAAAAAAAMdAibxIKwAAAAXBFxFqaGVwMTAyMDA4MTEzLnBkZgAAAAAAAAAAAAAAAAAAAAAAAAAAAAAAAAAAAAAAAAAAAAAAAAAAAAAAAAAAAAAABcF+xfElggAAAAAAAAAAAAEAAwAACSAAAAAAAAAAAAAAAAAAAAAGUGFwZXJzABAACAAAx0B7rAAAABEACAAAxfEXcgAAAAEAEAAFwRcABbsDAAWsxwAAkZ8AAgA0aGFubmVzOlVzZXJzOmp1bmc6RG9jdW1lbnRzOlBhcGVyczpqaGVwMTAyMDA4MTEzLnBkZgAOACQAEQBqAGgAZQBwADEAMAAyADAAMAA4ADEAMQAzAC4AcABkAGYADwAOAAYAaABhAG4AbgBlAHMAEgAtVXNlcnMvanVuZy9Eb2N1bWVudHMvUGFwZXJzL2poZXAxMDIwMDgxMTMucGRmAAATAAEvAAAVAAIAC///AACABdIcHR4fWCRjbGFzc2VzWiRjbGFzc25hbWWjHyAhXU5TTXV0YWJsZURhdGFWTlNEYXRhWE5TT2JqZWN0XxAlLi4vRG9jdW1lbnRzL1BhcGVycy9qaGVwMTAyMDA4MTEzLnBkZtIcHSQloiUhXE5TRGljdGlvbmFyeRIAAYagXxAPTlNLZXllZEFyY2hpdmVyAAgAEQAWAB8AKAAyADUAOgA8AEUASwBSAF0AZQBsAG8AcQBzAHYAeAB6AHwAhgCTAJgAoAIkAiYCKwI0Aj8CQwJRAlgCYQKJAo4CkQKeAqMAAAAAAAACAQAAAAAAAAAoAAAAAAAAAAAAAAAAAAACtQ==},
	Bdsk-Url-1 = {http://dx.doi.org/10.1088/1126-6708/2008/10/113}}
@article{Eichten:1995ch,
	Archiveprefix = {arXiv},
	Author = {Eichten, Estia J. and Quigg, Chris},
	Date-Added = {2010-11-15 13:32:17 +0100},
	Date-Modified = {2010-11-15 13:32:17 +0100},
	Doi = {10.1103/PhysRevD.52.1726},
	Eprint = {hep-ph/9503356},
	Journal = {Phys. Rev.},
	Pages = {1726-1728},
	Slaccitation = {%%CITATION = HEP-PH/9503356;%%},
	Title = {{Quarkonium wave functions at the origin}},
	Volume = {D52},
	Year = {1995},
	Bdsk-File-1 = {YnBsaXN0MDDUAQIDBAUIJidUJHRvcFgkb2JqZWN0c1gkdmVyc2lvblkkYXJjaGl2ZXLRBgdUcm9vdIABqAkKFRYXGyIjVSRudWxs0wsMDQ4RFFpOUy5vYmplY3RzV05TLmtleXNWJGNsYXNzog8QgASABqISE4ACgAOAB1lhbGlhc0RhdGFccmVsYXRpdmVQYXRo0hgNGRpXTlMuZGF0YU8RAZQAAAAAAZQAAgAABmhhbm5lcwAAAAAAAAAAAAAAAAAAAAAAAAAAAMixsPdIKwAAAAvCwRZQaHlzUmV2RC41Mi4xNzI2LTEucGRmAAAAAAAAAAAAAAAAAAAAAAAAAAAAAAAAAAAAAAAAAAAAAAAAAAAAAAAAO8cuyQbl0gAAAAAAAAAAAAEAAwAACSAAAAAAAAAAAAAAAAAAAAAGUGFwZXJzABAACAAAyLGU1wAAABEACAAAyQbXwgAAAAEAEAALwsEAC756AAuw3wALq1QAAgA5aGFubmVzOlVzZXJzOmp1bmc6RG9jdW1lbnRzOlBhcGVyczpQaHlzUmV2RC41Mi4xNzI2LTEucGRmAAAOAC4AFgBQAGgAeQBzAFIAZQB2AEQALgA1ADIALgAxADcAMgA2AC0AMQAuAHAAZABmAA8ADgAGAGgAYQBuAG4AZQBzABIAMlVzZXJzL2p1bmcvRG9jdW1lbnRzL1BhcGVycy9QaHlzUmV2RC41Mi4xNzI2LTEucGRmABMAAS8AABUAAgAL//8AAIAF0hwdHh9YJGNsYXNzZXNaJGNsYXNzbmFtZaMfICFdTlNNdXRhYmxlRGF0YVZOU0RhdGFYTlNPYmplY3RfECouLi9Eb2N1bWVudHMvUGFwZXJzL1BoeXNSZXZELjUyLjE3MjYtMS5wZGbSHB0kJaIlIVxOU0RpY3Rpb25hcnkSAAGGoF8QD05TS2V5ZWRBcmNoaXZlcgAIABEAFgAfACgAMgA1ADoAPABFAEsAUgBdAGUAbABvAHEAcwB2AHgAegB8AIYAkwCYAKACOAI6Aj8CSAJTAlcCZQJsAnUCogKnAqoCtwK8AAAAAAAAAgEAAAAAAAAAKAAAAAAAAAAAAAAAAAAAAs4=},
	Bdsk-Url-1 = {http://dx.doi.org/10.1103/PhysRevD.52.1726}}

@article{Hautmann:2013tba,
	Archiveprefix = {arXiv},
	Author = {Hautmann, F. and Jung, H.},
	Date-Added = {2014-02-11 06:12:57 +0000},
	Date-Modified = {2014-02-11 06:12:57 +0000},
	Eprint = {1312.7875},
	Primaryclass = {hep-ph},
	Slaccitation = {%%CITATION = ARXIV:1312.7875;%%},
	Title = {{Transverse momentum dependent gluon density from DIS precision data}},
	Year = {2013},
	Bdsk-File-1 = {YnBsaXN0MDDUAQIDBAUGJCVYJHZlcnNpb25YJG9iamVjdHNZJGFyY2hpdmVyVCR0b3ASAAGGoKgHCBMUFRYaIVUkbnVsbNMJCgsMDxJXTlMua2V5c1pOUy5vYmplY3RzViRjbGFzc6INDoACgAOiEBGABIAFgAdccmVsYXRpdmVQYXRoWWFsaWFzRGF0YV8QIS4uL0RvY3VtZW50cy9QYXBlcnMvMTMxMi43ODc1LnBkZtIXCxgZV05TLmRhdGFPEQGMAAAAAAGMAAIAAA4vIE1hY2ludG9zaCBIRAAAAAAAAAAAAAAAAADMBq8USCsAAAAOCHsNMTMxMi43ODc1LnBkZgAAAAAAAAAAAAAAAAAAAAAAAAAAAAAAAAAAAAAAAAAAAAAAAAAAAAAAAAAAAAAAAAAABOtia88ffhhQREYgQ0FSTwABAAMAAAkgAAAAAAAAAAAAAAAAAAAABlBhcGVycwAQAAgAAMwGkvQAAAARAAgAAM8fcAgAAAABABAADgh7AA4DigAKY3AAALlTAAIAPC8gTWFjaW50b3NoIEhEOlVzZXJzOgBqdW5nOgBEb2N1bWVudHM6AFBhcGVyczoAMTMxMi43ODc1LnBkZgAOABwADQAxADMAMQAyAC4ANwA4ADcANQAuAHAAZABmAA8AHgAOAC8AIABNAGEAYwBpAG4AdABvAHMAaAAgAEgARAASAClVc2Vycy9qdW5nL0RvY3VtZW50cy9QYXBlcnMvMTMxMi43ODc1LnBkZgAAEwABLwAAFQACAAv//wAAgAbSGxwdHlokY2xhc3NuYW1lWCRjbGFzc2VzXU5TTXV0YWJsZURhdGGjHR8gVk5TRGF0YVhOU09iamVjdNIbHCIjXE5TRGljdGlvbmFyeaIiIF8QD05TS2V5ZWRBcmNoaXZlctEmJ1Ryb290gAEACAARABoAIwAtADIANwBAAEYATQBVAGAAZwBqAGwAbgBxAHMAdQB3AIQAjgCyALcAvwJPAlECVgJhAmoCeAJ8AoMCjAKRAp4CoQKzArYCuwAAAAAAAAIBAAAAAAAAACgAAAAAAAAAAAAAAAAAAAK9}}

@article{Baranov:2011zz,
	Author = {Baranov, S.P.},
	Date-Added = {2012-04-15 20:14:44 +0000},
	Date-Modified = {2012-04-15 20:14:44 +0000},
	Doi = {10.1103/PhysRevD.84.054012},
	Journal = {Phys.Rev.},
	Pages = {054012},
	Slaccitation = {%%CITATION = PHRVA,D84,054012;%%},
	Title = {{Pair production of $J/\psi$ mesons in the $k_t$-factorization approach}},
	Volume = {D84},
	Year = {2011},
	Bdsk-File-1 = {YnBsaXN0MDDUAQIDBAUGJCVYJHZlcnNpb25YJG9iamVjdHNZJGFyY2hpdmVyVCR0b3ASAAGGoKgHCBMUFRYaIVUkbnVsbNMJCgsMDxJXTlMua2V5c1pOUy5vYmplY3RzViRjbGFzc6INDoACgAOiEBGABIAFgAdccmVsYXRpdmVQYXRoWWFsaWFzRGF0YV8QKi4uL0RvY3VtZW50cy9QYXBlcnMvUGh5c1JldkQuODQuMDU0MDEyLnBkZtIXCxgZV05TLmRhdGFPEQGqAAAAAAGqAAIAAAxNYWNpbnRvc2ggSEQAAAAAAAAAAAAAAAAAAADPuAENSCsAAAAFeBYWUGh5c1JldkQuODQuMDU0MDEyLnBkZgAAAAAAAAAAAAAAAAAAAAAAAAAAAAAAAAAAAAAAAAAAAAAAAAAAAAAAAAV6scuw+GkAAAAAAAAAAAABAAMAAAkgAAAAAAAAAAAAAAAAAAAABlBhcGVycwAQAAgAAM+35O0AAAARAAgAAMuw3EkAAAABABAABXgWAAVIJwAFOhYAAMBPAAIAQ01hY2ludG9zaCBIRDpVc2VyczoAanVuZzoARG9jdW1lbnRzOgBQYXBlcnM6AFBoeXNSZXZELjg0LjA1NDAxMi5wZGYAAA4ALgAWAFAAaAB5AHMAUgBlAHYARAAuADgANAAuADAANQA0ADAAMQAyAC4AcABkAGYADwAaAAwATQBhAGMAaQBuAHQAbwBzAGgAIABIAEQAEgAyVXNlcnMvanVuZy9Eb2N1bWVudHMvUGFwZXJzL1BoeXNSZXZELjg0LjA1NDAxMi5wZGYAEwABLwAAFQACAAv//wAAgAbSGxwdHlokY2xhc3NuYW1lWCRjbGFzc2VzXU5TTXV0YWJsZURhdGGjHR8gVk5TRGF0YVhOU09iamVjdNIbHCIjXE5TRGljdGlvbmFyeaIiIF8QD05TS2V5ZWRBcmNoaXZlctEmJ1Ryb290gAEACAARABoAIwAtADIANwBAAEYATQBVAGAAZwBqAGwAbgBxAHMAdQB3AIQAjgC7AMAAyAJ2AngCfQKIApECnwKjAqoCswK4AsUCyALaAt0C4gAAAAAAAAIBAAAAAAAAACgAAAAAAAAAAAAAAAAAAALk},
	Bdsk-Url-1 = {http://dx.doi.org/10.1103/PhysRevD.84.054012}}
	
